

@article{Kirkland,
  title={Gram mates, sign changes in singular values, and isomorphism},
  author={Kim, Sooyeong and Kirkland, Steve},
  journal={Linear Algebra and its Applications},
  volume={644},
  pages={108--148},
  year={2022},
  publisher={Elsevier}
}

@article{Kirkland2017,
  title={Two-mode networks exhibiting data loss},
  author={Kirkland, Steve},
  journal={Journal of Complex Networks},
  volume={6},
  number={2},
  pages={297--316},
  year={2018},
  publisher={Oxford University Press}
}

@article{Everett,
  title={The dual-projection approach for two-mode networks},
  author={Everett, Martin G and Borgatti, Stephen P},
  journal={Social networks},
  volume={35},
  number={2},
  pages={204--210},
  year={2013},
  publisher={Elsevier}
}

